@INPROCEEDINGS{5470524, 
	author={D. Guinard and M. Fischer and V. Trifa}, 
	booktitle={2010 8th IEEE International Conference on Pervasive Computing and Communications Workshops (PERCOM Workshops)}, 
	title={Sharing using social networks in a composable Web of Things}, 
	year={2010}, 
	pages={702-707}, 
	keywords={Internet;application program interfaces;social networking (online);REST;Web of things;open API;social networks;social structures;Application software;Ecosystems;IP networks;Intelligent actuators;Intelligent sensors;Mashups;Pervasive computing;Social network services;Twitter;Web server}, 
	doi={10.1109/PERCOMW.2010.5470524}, 
	month={March},}